@entry{sym.alpha,
  name = {\ensuremath{\alpha}},
  description = {Quisque ullamcorper placerat ipsum.}
}

@entry{sym.beta,
  name = {\ensuremath{\beta}},
  description = {Cras nibh.}
}

@entry{sym.gamma,
  name = {\ensuremath{\gamma}},
  description = {Morbi vel justo vitae lacus tincidunt ultrices.}
}

@entry{sym.delta,
  name = {\ensuremath{\delta}},
  description = {Lorem ipsum dolor sit amet, consectetuer adipiscing
elit.}
}

@entry{sym.epsilon,
  name = {\ensuremath{\epsilon}},
  description = {In hac habitasse platea dictumst.}
}

@entry{sym.zeta,
  name = {\ensuremath{\zeta}},
  description = {Integer tempus convallis augue.}
}

@entry{sym.eta,
  name = {\ensuremath{\eta}},
  description = {Etiam facilisis.}
}

@entry{sym.theta,
  name = {\ensuremath{\theta}},
  description = {Nunc elementum fermentum wisi.}
}

@entry{sym.iota,
  name = {\ensuremath{i}},
  description = {Aenean placerat.}
}

@entry{sym.kappa,
  name = {\ensuremath{\kappa}},
  description = {Ut imperdiet, enim sed gravida sollicitudin, felis odio
placerat quam, ac pulvinar elit purus eget enim.}
}

@entry{sym.lambda,
  name = {\ensuremath{\lambda}},
  description = {Nunc vitae tortor.}
}

@entry{sym.mu,
  name = {\ensuremath{\mu}},
  description = {Proin tempus nibh sit amet nisl.}
}

@entry{sym.nu,
  name = {\ensuremath{\nu}},
  description = {Vivamus quis tortor vitae risus porta vehicula.}
}

@entry{sym.xi,
  name = {\ensuremath{\xi}},
  description = {Fusce mauris.}
}

@entry{sym.pi,
  name = {\ensuremath{\pi}},
  description = {Vestibulum luctus nibh at lectus.}
}

@entry{sym.rho,
  name = {\ensuremath{\rho}},
  description = {Sed bibendum, nulla a faucibus semper, leo velit
ultricies tellus, ac venenatis arcu wisi vel nisl. Vestibulum diam.}
}

@entry{sym.sigma,
  name = {\ensuremath{\sigma}},
  description = {Aliquam pellentesque, augue quis sagittis posuere,
turpis lacus congue quam, in hendrerit risus eros eget felis.}
}

@entry{sym.tau,
  name = {\ensuremath{\tau}},
  description = {Maecenas eget erat in sapien mattis porttitor.}
}

@entry{sym.upsilon,
  name = {\ensuremath{\upsilon}},
  description = {Vestibulum porttitor.}
}

@entry{sym.phi,
  name = {\ensuremath{\phi}},
  description = {Nulla facilisi.}
}

@entry{sym.chi,
  name = {\ensuremath{\chi}},
  description = {Sed a turpis eu lacus commodo facilisis.}
}

@entry{sym.psi,
  name = {\ensuremath{\psi}},
  description = {Morbi fringilla, wisi in dignissim interdum, justo
lectus sagittis dui, et vehicula libero dui cursus dui.}
}

@entry{sym.omega,
  name = {\ensuremath{\omega}},
  description = {Mauris tempor ligula sed lacus.}
}

