% Encoding: UTF-8
@acronym{lid,
  short = {LID},
  long = {lorem ipsum dolor}
}

@acronym{stc,
  short = {STC},
  long = {sit amet consectetuer}
}

@acronym{aeu,
  short = {AEU},
  long = {adipiscing elit ut}
}

@acronym{pev,
  short = {PEV},
  long = {purus elit vestibulum}
}

@acronym{upa,
  short = {UPA},
  long = {ut placerat ac}
}

@acronym{avf,
  short = {AVF},
  long = {adipiscing vitae felis}
}

@acronym{cdg,
  short = {CDG},
  long = {curabitur dictum gravida}
}

@acronym{mna,
  short = {MNA},
  long = {mauris nam arcu}
}

@acronym{lne,
  short = {LNE},
  long = {libero nonummy eget}
}

@acronym{civ,
  short = {CIV},
  long = {consectetuer id vulputate}
}

@acronym{amd,
  short = {AMD},
  long = {a magna donec}
}

@acronym{vae,
  short = {VAE},
  long = {vehicula augue eu}
}

@acronym{nph,
  short = {NPH},
  long = {neque pellentesque habitant}
}

@acronym{mts,
  short = {MTS},
  long = {morbi tristique senectus}
}

@acronym{ene,
  short = {ENE},
  long = {et netus et}
}

@acronym{mfa,
  short = {MFA},
  long = {malesuada fames ac}
}

@acronym{tem,
  short = {TEM},
  long = {turpis egestas mauris}
}

@acronym{ulc,
  short = {ULC},
  long = {ut leo cras}
}

@acronym{vmr,
  short = {VMR},
  long = {viverra metus rhoncus}
}

@acronym{sne,
  short = {SNE},
  long = {sem nulla et}
}

@acronym{lvu,
  short = {LVU},
  long = {lectus vestibulum urna}
}

@acronym{fup,
  short = {FUP},
  long = {fringilla ultrices phasellus}
}

@acronym{ets,
  short = {ETS},
  long = {eu tellus sit}
}

@acronym{atg,
  short = {ATG},
  long = {amet tortor gravida}
}

@acronym{pis,
  short = {PIS},
  long = {placerat integer sapien}
}

@acronym{eii,
  short = {EII},
  long = {est iaculis in}
}

@acronym{pqv,
  short = {PQV},
  long = {pretium quis viverra}
}

@acronym{anp,
  short = {ANP},
  long = {ac nunc praesent}
}

@acronym{esv,
  short = {ESV},
  long = {eget sem vel}
}

@acronym{lub,
  short = {LUB},
  long = {leo ultrices bibendum}
}

@acronym{afm,
  short = {AFM},
  long = {aenean faucibus morbi}
}

@acronym{dnm,
  short = {DNM},
  long = {dolor nulla malesuada}
}

@acronym{epa,
  short = {EPA},
  long = {eu pulvinar at}
}

@acronym{man,
  short = {MAC},
  long = {mollis ac nulla}
}

@acronym{cas,
  short = {CAS},
  long = {curabitur auctor semper}
}

@acronym{ndv,
  short = {NDV},
  long = {nulla donec varius}
}

@acronym{oer,
  short = {OER},
  long = {orci eget risus}
}

@acronym{dnmc,
  short = {DNMC},
  long = {duis nibh mi congue}
}

@acronym{cea,
  short = {CEA},
  long = {congue eu accumsan}
}

@acronym{esq,
  short = {ESQ},
  long = {eleifend sagittis quis}
}

@acronym{dia,
  short = {DIA},
  long = {duis eget orci}
}

@acronym{sao,
  short = {SAO},
  long = {sit amet orci}
}

@acronym{drn,
  short = {DRN},
  long = {dignissim rutrum nam}
}

