% Encoding: UTF-8
@entry{lorem,
  name = {lorem},
  description = {ipsum}
}

@entry{dolor,
  name = {dolor},
  description = {sit}
}

@entry{amet,
  name = {amet},
  description = {consectetuer}
}

@entry{adipiscing,
  name = {adipiscing},
  description = {elit}
}

@entry{ut,
  name = {ut},
  description = {purus}
}

@entry{elit,
  name = {elit},
  description = {vestibulum}
}

@entry{placerat,
  name = {placerat},
  description = {ac}
}

@entry{vitae,
  name = {vitae},
  description = {felis}
}

@entry{curabitur,
  name = {curabitur},
  description = {gravida}
}

@entry{mauris,
  name = {mauris},
  description = {nam}
}

@entry{arcu,
  name = {arcu},
  description = {libero}
}

@entry{nonummy,
  name = {nonummy},
  description = {eget}
}

@entry{consectetuer,
  name = {consectetuer},
  description = {id}
}

@entry{vulputate,
  name = {vulputate},
  description = {a magna}
}

@entry{donec,
  name = {donec},
  description = {vehicula}
}

@entry{augue,
  name = {augue},
  description = {eu neque}
}

@entry{pellentesque,
  name = {pellentesque},
  description = {habitant}
}

@entry{morbi,
  name = {morbi},
  description = {tristique}
}

@entry{senectus,
  name = {senectus},
  description = {et netus}
}

@entry{et,
  name = {et},
  description = {malesuada}
}

@entry{fames,
  name = {fames},
  description = {ac}
}

@entry{turpis,
  name = {turpis},
  description = {egestas}
}

@entry{leo,
  name = {leo},
  description = {cras}
}

@entry{viverra,
  name = {viverra},
  description = {metus}
}

@entry{rhoncus,
  name = {rhoncus},
  description = {sem}
}

@entry{nulla,
  name = {nulla},
  description = {et}
}

@entry{lectus,
  name = {lectus},
  description = {vestibulum}
}

@entry{urna,
  name = {urna},
  description = {fringilla}
}

@entry{ultrices,
  name = {ultrices},
  description = {phasellus}
}

@entry{eu,
  name = {eu},
  description = {tellus}
}

@entry{sit,
  name = {sit},
  description = {amet}
}

@entry{tortor,
  name = {tortor},
  description = {gravida}
}

@entry{integer,
  name = {integer},
  description = {sapien}
}

@entry{est,
  name = {est},
  description = {iaculis}
}

@entry{in,
  name = {in},
  description = {pretium}
}

@entry{quis,
  name = {quis},
  description = {viverra}
}

@entry{ac,
  name = {ac},
  description = {nunc}
}

@entry{praesent,
  name = {praesent},
  description = {eget}
}

@entry{sem,
  name = {sem},
  description = {vel leo}
}

@entry{bibendum,
  name = {bibendum},
  description = {ultrices}
}

@entry{aenean,
  name = {aenean},
  description = {faucibus}
}

@entry{malesuada,
  name = {malesuada},
  description = {eu}
}

@entry{pulvinar,
  name = {pulvinar},
  description = {at}
}

@entry{mollis,
  name = {mollis},
  description = {ac nulla}
}

@entry{auctor,
  name = {auctor},
  description = {semper}
}

@entry{varius,
  name = {varius},
  description = {orci}
}

@entry{eget,
  name = {eget},
  description = {risus}
}

@entry{duis,
  name = {duis},
  description = {nibh}
}

@entry{mi,
  name = {mi},
  description = {congue}
}

@entry{accumsan,
  name = {accumsan},
  description = {eleifend}
}

@entry{sagittis,
  name = {sagittis},
  description = {quis}
}

@entry{diam,
  name = {diam},
  description = {duis}
}

@entry{orci,
  name = {orci},
  description = {dignissim}
}

