% Encoding: UTF-8
@entry{sedmattis,
  name = {sed mattis},
  description = {erat sit amet}
}

@entry{nunc,
  name = {nunc},
  description = {nisl vitae}
}

@entry{nonconvallis,
  name = {non
convallis},
  description = {lectus orci ut nibh}
}

@entry{condimentum,
  name = {condimentum},
  description = {at
nisl}
}

@entry{aliquamet,
  name = {aliquam et},
  description = {augue}
}

@entry{rutrum,
  name = {rutrum},
  description = {id, enim}
}


@entry{gravida,
  parent = {sedmattis},
  name = {gravida},
  description = {malesuada}
}

@entry{elitaugue,
  parent = {sedmattis},
  name = {elit augue},
  description = {egestas diam}
}

@entry{tempus,
  parent = {sedmattis},
  name = {tempus},
  description = {scelerisque}
}

@entry{libero,
  parent = {nunc},
  name = {libero},
  description = {sed
consequat}
}

@entry{feugiat,
  parent = {nunc},
  name = {feugiat},
  description = {massa}
}

@entry{porta,
  parent = {nunc},
  name = {porta},
  description = {eros
in eleifend}
}

@entry{variuserat,
  parent = {nunc},
  name = {varius erat},
  description = {leo rutrum dui}
}

@entry{sedlorem,
  parent = {nonconvallis},
  name = {sedlorem},
  description = {massa}
}

@entry{nonummyquis,
  parent = {nonconvallis},
  name = {nonummy
quis},
  description = {egestas id}
}

@entry{maecenas,
  parent = {condimentum},
  name = {maecenas},
  description = {at nibh}
}

@entry{atnunc,
  parent = {aliquamet},
  name = {at nunc},
  description = {pellentesque
ullamcorper}
}

@entry{phasellus,
  parent = {rutrum},
  name = {phasellus},
  description = {odio}
}

@entry{nullanulla,
  parent = {rutrum},
  name = {nulla nulla},
  description = {elit, molestie non}
}


@entry{duisnisl,
  parent = {atnunc},
  name = {duisnisl},
  description = {laoreet
suscipit}
}

@entry{duisnibh,
  parent = {atnunc},
  name = {duisnibh},
  description = {convallis ut}
}

