% Encoding: UTF-8
@entry{alpha,
  symbol = {\ensuremath{\alpha}},
  name = {alpha},
  description = {Quisque ullamcorper placerat ipsum.}
}

@entry{beta,
  symbol = {\ensuremath{\beta}},
  name = {beta},
  description = {Cras nibh.}
}

@entry{gamma,
  symbol = {\ensuremath{\gamma}},
  name = {gamma},
  description = {Morbi vel justo vitae lacus tincidunt ultrices.}
}

@entry{delta,
  symbol = {\ensuremath{\delta}},
  name = {delta},
  description = {Lorem ipsum dolor sit amet, consectetuer adipiscing
elit.}
}

@entry{epsilon,
  symbol = {\ensuremath{\epsilon}},
  name = {epsilon},
  description = {In hac habitasse platea dictumst.}
}

@entry{zeta,
  symbol = {\ensuremath{\zeta}},
  name = {zeta},
  description = {Integer tempus convallis augue.}
}

@entry{eta,
  symbol = {\ensuremath{\eta}},
  name = {eta},
  description = {Etiam facilisis.}
}

@entry{theta,
  symbol = {\ensuremath{\theta}},
  name = {theta},
  description = {Nunc elementum fermentum wisi.}
}

@entry{iota,
  symbol = {\ensuremath{i}},
  name = {iota},
  description = {Aenean placerat.}
}

@entry{kappa,
  symbol = {\ensuremath{\kappa}},
  name = {kappa},
  description = {Ut imperdiet, enim sed gravida sollicitudin, felis odio
placerat quam, ac pulvinar elit purus eget enim.}
}

@entry{lambda,
  symbol = {\ensuremath{\lambda}},
  name = {lambda},
  description = {Nunc vitae tortor.}
}

@entry{mu,
  symbol = {\ensuremath{\mu}},
  name = {mu},
  description = {Proin tempus nibh sit amet nisl.}
}

@entry{nu,
  symbol = {\ensuremath{\nu}},
  name = {nu},
  description = {Vivamus quis tortor vitae risus porta vehicula.}
}

@entry{xi,
  symbol = {\ensuremath{\xi}},
  name = {xi},
  description = {Fusce mauris.}
}

@entry{pi,
  symbol = {\ensuremath{\pi}},
  name = {pi},
  description = {Vestibulum luctus nibh at lectus.}
}

@entry{rho,
  symbol = {\ensuremath{\rho}},
  name = {rho},
  description = {Sed bibendum, nulla a faucibus semper, leo velit
ultricies tellus, ac venenatis arcu wisi vel nisl. Vestibulum diam.}
}

@entry{sigma,
  symbol = {\ensuremath{\sigma}},
  name = {sigma},
  description = {Aliquam pellentesque, augue quis sagittis posuere,
turpis lacus congue quam, in hendrerit risus eros eget felis.}
}

@entry{tau,
  symbol = {\ensuremath{\tau}},
  name = {tau},
  description = {Maecenas eget erat in sapien mattis porttitor.}
}

@entry{upsilon,
  symbol = {\ensuremath{\upsilon}},
  name = {upsilon},
  description = {Vestibulum porttitor.}
}

@entry{phi,
  symbol = {\ensuremath{\phi}},
  name = {phi},
  description = {Nulla facilisi.}
}

@entry{chi,
  symbol = {\ensuremath{\chi}},
  name = {chi},
  description = {Sed a turpis eu lacus commodo facilisis.}
}

@entry{psi,
  symbol = {\ensuremath{\psi}},
  name = {psi},
  description = {Morbi fringilla, wisi in dignissim interdum, justo
lectus sagittis dui, et vehicula libero dui cursus dui.}
}

@entry{omega,
  symbol = {\ensuremath{\omega}},
  name = {omega},
  description = {Mauris tempor ligula sed lacus.}
}

