% Encoding: UTF-8
@acronym{li,
  user1 = {love itself},
  short = {LI},
  long = {lorem ipsum}
}

@acronym{np,
  user1 = {produces none},
  short = {NP},
  long = {nulla pariatur}
}

@acronym{sic,
  user1 = {blame belongs},
  short = {SIC},
  long = {sunt in culpa}
}

@acronym{esoc,
  user1 = {blinded by
desire},
  short = {ESOC},
  long = {excepturi sint obcaecati cupiditat}
}

@acronym{nmruu,
  short = {NMRUU},
  long = {nulla malesuada
risus ut urna}
}

@acronym{di,
  short = {DI},
  long = {duis iaculi}
}

