% Encoding: UTF-8
@entry{fusce,
  user1 = {article-minimal},
  name = {fusce},
  description = {suscipit cursus sem}
}

@entry{vivamus,
  user1 = {article-full},
  name = {vivamus},
  description = {risus mi, egestas ac}
}

@entry{imperdiet,
  user1 = {whole-journal},
  name = {imperdiet},
  description = {varius, faucibus quis, leo}
}

@entry{aenean2,
  user1 = {inbook-minimal},
  name = {aenean},
  description = {tincidunt}
}

@entry{crasid,
  user1 = {inbook-full},
  name = {cras id},
  description = {justo quis nibh scelerisque dignissim}
}

@entry{aliquam2,
  user1 = {book-minimal},
  name = {aliquam},
  description = {sagittis elementum dolor}
}

@entry{aeneanconsectetuer,
  user1 = {book-full},
  name = {aenean consectetuer},
  description = {justo in pede}
}

@entry{curabiturullamcorper,
  user1 = {booklet-minimal},
  name = {curabitur ullamcorper},
  description = {ligula nec orci}
}

@entry{aliquampurus,
  user1 = {booklet-full},
  name = {aliquam purus},
  description = {turpis, aliquam id}
}

@entry{ornarevitae,
  user1 = {incollection-minimal},
  name = {ornare vitae},
  description = {porttitor non, wisi}
}

@entry{maecenasluctus,
  user1 = {incollection-full},
  name = {maecenas luctus},
  description = {porta lorem}
}

@entry{donecvitae,
  user1 = {manual-minimal},
  name = {donec vitae},
  description = {ligula eu ante pretium varius}
}

@entry{proin,
  user1 = {manual-full},
  name = {proin},
  description = {tortor metus, convallis et}
}

@entry{hendrerit,
  user1 = {mastersthesis-minimal},
  name = {hendrerit},
  description = {non, scelerisque in, urna}
}

@entry{crasquis,
  user1 = {mastersthesis-full},
  name = {cras qui},
  description = {libero eu ligula bibendum tempor}
}

@entry{vivamustellus,
  user1 = {misc-minimal},
  name = {vivamus tellus},
  description = {quam, malesuada eu, tempus sed, tempor sed, velit}
}

@entry{doneclacinia,
  user1 = {misc-full},
  name = {donec lacinia},
  description = {auctor libero}
}

@entry{praesent2,
  user1 = {inproceedings-minimal},
  name = {praesent},
  description = {sed neque id pede mollis rutrum}
}

@entry{vestibulum2,
  user1 = {inproceedings-minimal,phdthesis-minimal},
  name = {vestibulum},
  description = {iaculis risus}
}

@entry{pellentesque2,
  name = {pellentesque},
  description = {lacus}
}

