% Encoding: UTF-8
@acronym{ndl,
  description = {fringilla a, euismod sodales,
  sollicitudin vel, wisi},
  short = {NDL},
  long = {nam dui ligula}
}

@acronym{mal,
  description = {non justo},
  short = {MAL},
  long = {morbi auctor lorem}
}

@acronym{nll,
  description = {pretium at, lobortis vitae, ultricies et,
tellus},
  short = {NLL},
  long = {name lacus libero}
}

@acronym{da,
  description = {tortor sed accumsan bibendum, erat ligula
aliquet magna, vitae ornare odio metus a mi},
  short = {DA},
  long = {donec aliquet}
}

@acronym{mao,
  description = {et nisl hendrerit mollis},
  short = {MAO},
  long = {morbi ac orci}
}

@acronym{sum,
  description = {cras nec ante},
  short = {SUM},
  long = {suspendisse ut massa}
}

@acronym{pan,
  description = {cum sociis natoque penatibus et magnis dis
parturient montes, nascetur ridiculus mus},
  short = {PAN},
  long = {pellentesque a nulla}
}

@acronym{atu,
  description = {nulla ullamcorper vestibulum
turpis},
  short = {ATU},
  long = {aliquam tincidunt urna}
}

@acronym{pclm,
  description = {nulla malesuada porttitor diam},
  short = {PCLM},
  long = {pellentesque cursus luctus mauris}
}

