% Encoding: UTF-8
@entry{scelerisque,
  name = {scelerisque},
  description = {at}
}

@entry{vestibulum,
  parent = {scelerisque},
  description = {eu, nulla}
}

@entry{utodionisl,
  parent = {scelerisque},
  description = {facilisis id}
}

@entry{molliset,
  parent = {scelerisque},
  description = {nec, enim}
}

@entry{aeneansem,
  parent = {scelerisque},
  description = {sem leo}
}

@entry{pellentesquesit,
  parent = {scelerisque},
  description = {sit amet}
}

@entry{sapien,
  parent = {scelerisque},
  description = {vehicula
pellentesque}
}

@entry{consequat,
  parent = {scelerisque},
  description = {tellus
et tortor}
}

@entry{uttempor,
  name = {ut tempor},
  description = {laoreet
quam}
}

@entry{nullamid,
  parent = {uttempor},
  description = {wisi a
libero}
}

@entry{tristique,
  parent = {uttempor},
  description = {semper}
}

@entry{nullamnislmassa,
  parent = {uttempor},
  description = {rutrum
ut}
}

@entry{eleifend,
  name = {eleifend},
  description = {sit amet
faucibus}
}

@entry{elementum,
  parent = {eleifend},
  description = {elementum}
}

@entry{urnasapien,
  parent = {eleifend},
  description = {urna sapien}
}

@entry{consectetuermauris,
  name = {consectetuer},
  description = {mauris}
}

@entry{quisegestas,
  parent = {consectetuermauris},
  description = {quis egestas}
}

@entry{leojusto,
  parent = {consectetuermauris},
  description = {leo
justo}
}

@entry{nonrisus,
  name = {non risus},
  description = {morbi non
felis}
}

@entry{aclibero,
  parent = {nonrisus},
  description = {ac libero}
}

@entry{vulputatefringilla,
  parent = {nonrisus},
  description = {vulputate
fringilla}
}

@entry{maurislibero,
  name = {mauris},
  description = {libero eros}
}

@entry{lacinia,
  parent = {maurislibero},
  description = {lacinia
non}
}

@entry{sodales,
  parent = {maurislibero},
  description = {sodales
quis}
}

@entry{dapibus,
  parent = {maurislibero},
  description = {dapibus
porttitor, pede}
}

@entry{class,
  name = {class},
  description = {aptent taciti}
}

@entry{sociosqu,
  parent = {class},
  description = {sociosqu}
}

@entry{adlitora,
  parent = {class},
  description = {ad litora}
}

@entry{torquent,
  parent = {class},
  description = {torquent per
conubia}
}

@entry{nostra,
  name = {nostra},
  description = {per inceptos
hymenaeos}
}

@entry{morbidapibus,
  parent = {nostra},
  description = {morbi
dapibus}
}

@entry{mauriscondimentum,
  parent = {nostra},
  description = {mauris
condimentum nulla}
}

@entry{cumsociis,
  name = {cum sociis},
  description = {natoque
penatibus}
}

@entry{etmagnis,
  parent = {cumsociis},
  description = {et
magnis}
}

@entry{disparturient,
  parent = {cumsociis},
  description = {dis
parturient montes}
}

