% Encoding: UTF-8
@entry{aenean-url,
  user1 = {http://uk.tug.org/},
  name = {aenean},
  description = {adipiscing auctor est}
}

@entry{morbi-url,
  user1 = {http://www.ctan.org/},
  name = {morbi},
  description = {quam arcu, malesuada sed, volutpat et, elementum sit
amet, libero}
}

@entry{duis-url,
  user1 = {http://www.tug.org/},
  name = {duis},
  description = {mattis}
}

@entry{sed-url,
  user1 = {http://theoval.cmp.uea.ac.uk/\protect~nlct/},
  name = {sed},
  description = {cursus lectus quis odio (uses
\texttt{\string\protect\string~})}
}

@entry{sed2-url,
  user1 = {http://theoval.cmp.uea.ac.uk/\string~nlct/},
  name = {sed},
  description = {cursus lectus quis odio (uses
\texttt{\string\string\string~})}
}

@entry{sed3-url,
  user1 = {http://theoval.cmp.uea.ac.uk/\glstildechar nlct/},
  name = {sed},
  description = {cursus lectus quis odio (uses
\texttt{\string\glstildechar})}
}

@entry{phasellus-url,
  user1 = {http://theoval.cmp.uea.ac.uk/},
  name = {phasellus},
  description = {arcu (catcode change)}
}

@entry{phasellus2-url,
  user1 = {http://theoval.cmp.uea.ac.uk/\%7Enlct
},
  name = {phasellus},
  description = {arcu (uses \texttt{\string\%})}
}

@entry{phasellus3-url,
  user1 = {http://theoval.cmp.uea.ac.uk/\glspercentchar 7Enlct
},
  name = {phasellus},
  description = {arcu  (uses
 \texttt{\string\glspercentchar})}
}

